@article{DA06,
author = "Donald W.K. Andrews and Marcelo J. Moreira and James H. Stock",
title = "Optimal Two-Sided Invariant Similar Tests For Instrumental Variables Regression",
year = "2006",
journal =  "Econometrica",
volume = "74",
number = "3",
pages = "715-752"}

@article{IA14,
author = "Isaiah Andrews",
title = "Conditional Linear Combination Tests for Weakly Identified Madels",
year = "2013",
organization =  "Dis"}

@article{SFWBvM14,
author = "Vladimir Spokoiny",
title = "Bernstein - von Mises Theorem for growing parameter dimension",
journal =  "arXiv preprint arXiv:1302.3430",
year = "2013",
}

@article{DAXC12,
author = "Donald W.K. Andrews and Xu Cheng",
title = "Estimation and inference with weak, semi-strong, and strong identification.",
year = "2012",
journal =  "Econometrica",
volume = "80",
number = "5",
pages = "2153-2211"}

@article{ZSB2014,
author = "Vladimir Spokoiny and Mayya Zhilova",
title = "Bootstrap confidence sets under a model misspecification",
year = "2014",
journal =  "arXiv preprint arXiv:1410.0347"}

@article{HB2000,
author = "Joel L. Horowitz",
title = "The Bootstrap",
year = "2001",
journal =  "Handbook of econometrics",
volume = "5",
pages = "3159-3228",
publisher="Elsevier"}

@article{MJM03,
author = "Marcelo J. Moreira",
title = "A Conditional Likelihood Ratio Test for Structural Models",
year = "2003",
journal =  "Econometrica",
volume = "71",
number = "4",
pages = "1027-1048",
publisher="Wiley Online Library"}

@article{Tropp2012,
author = "Tropp, Joel A",
title = "User-friendly tail bounds for sums of random matrices",
year = "2012",
journal =  "Foundations of Computational Mathematics",
volume = "12",
number = "4",
pages = "389--434",
publisher="Springer"}

@article{chern2013,
  title={Gaussian approximations and multiplier bootstrap for maxima of sums of high-dimensional random vectors},
  author={Chernozhukov, Victor and Chetverikov, Denis and Kato, Kengo and others},
  journal={The Annals of Statistics},
  volume={41},
  number={6},
  pages={2786--2819},
  year={2013},
  publisher={Institute of Mathematical Statistics}
}

@article{spokoiny2012penalized,
  title={Penalized maximum likelihood estimation and effective dimension},
  author={Spokoiny, Vladimir},
  journal={arXiv preprint arXiv:1205.0498},
  year={2012}
}

@article{panov2013finite,
  title={Finite Sample Bernstein--von Mises Theorem for Semiparametric Problems},
  author={Panov, Maxim and Spokoiny, Vladimir},
  journal={arXiv preprint arXiv:1310.7796},
  year={2013}
}

@article{andrews2007performance,
  title={Performance of conditional Wald tests in IV regression with weak instruments},
  author={Andrews, Donald WK and Moreira, Marcelo J and Stock, James H},
  journal={Journal of Econometrics},
  volume={139},
  number={1},
  pages={116--132},
  year={2007},
  publisher={Elsevier}
}

@article{kleibergen2002pivotal,
  title={Pivotal statistics for testing structural parameters in instrumental variables regression},
  author={Kleibergen, Frank},
  journal={Econometrica},
  volume={70},
  number={5},
  pages={1781--1803},
  year={2002},
  publisher={Wiley Online Library}
}

@misc{staiger1994instrumental,
  title={Instrumental variables regression with weak instruments},
  author={Staiger, Douglas O and Stock, James H},
  year={1994},
  publisher={National Bureau of Economic Research Cambridge, Mass., USA}
}